
@misc{DD5.4,
  title = {Incentives and decision/making methods:  Implementation and assessment },
  author = {Kobi Gal},
  howpublished={SmartSociety FP7 Project Deliverable D5.4},
year={2015},
month={Aug.},
}
@misc{D8.1,
  title = {Platform Requirements Analysis and System Design},
  author = {Iacopo Carreras},
  howpublished={SmartSociety FP7 Project Deliverable D8.1},
year={2013},
month={Dec.},
}
@misc{D8.2,
  title = {Platform prototype: early results and progress report},
  author = {Iacopo Carreras and Daniele Miorandi and Tommaso Schiavinotto},
  howpublished={SmartSociety FP7 Project Deliverable D8.2},
year={2014},
month={Dec.},
}
@misc{D8.3,
title={Second Platform Prototype and Validation},
author={Iacopo Carreras and Daniele Miorandi and Tommaso Schiavinotto},
howpublished={SmartSociety FP7 Project Deliverable D8.2},
year={2014},
month={Dec.},}
@misc{D7.1,
  title = {Virtualization Techniques and Prototypes},
  author = {Hong-Linh Truong and Ognjen Scekic},
 howpublished={SmartSociety FP7 Project Deliverable D7.1},
year={2014},
month={Dec.},
}

@misc{D6.2,
  title = {Static social orchestration: implementation and evaluation},
  author = {Michael Rovatsos},
   howpublished={SmartSociety FP7 Project Deliverable D6.2},
year={2014},
month={Dec.},
}

@misc{D4.2,
  title = {Peer Search in Smart Societies},
  author = {Alethia Hume},
   howpublished={SmartSociety FP7 Project Deliverable D4.2},
year={2014},
month={Dec.},
}
@misc{D2.4,
title={Final Models and Validation},
author={Michael Rovatsos},
   howpublished={SmartSociety FP7 Project Deliverable D2.4},
year={2016},
month={Jan.},
}
@misc{D2.2,
title={Provenance, Trust, Reputation and Big Data},
author={Luc Moreau},
   howpublished={SmartSociety FP7 Project Deliverable D2.2},
year={2014},
month={Dec.},
}

@misc{D3.2,
title={Models for human/machine symbiosis: final results},
author={George Kampis},
   howpublished={SmartSociety FP7 Project Deliverable D3.2},
year={2014},
month={Oct.},
}

@misc{D2.1,
title={Provenance, Trust and Reputation: Early Results and Progress Report},
author={Luc Moreau},
   howpublished={SmartSociety FP7 Project Deliverable D2.1},
year={2013},
month={Dec.},
}
@misc{D4.1,
title={Peers and micro-task profiling: early results and progress report},
author={Alethia Hume},
   howpublished={SmartSociety FP7 Project Deliverable D4.1},
year={2013},
month={Dec.},
}
@misc{D4.3,
title={Peer Modeling and Search},
author={Daniele Miorandi, Alethia Hume and Ronald Chenu},
   howpublished={SmartSociety FP7 Project Deliverable D4.3},
year={2015},
month={Jun.},
}
@misc{D9.3,
title={Prototype version 1, testing scenarios and initial evaluation},
author={Marco Pompa},
   howpublished={SmartSociety FP7 Project Deliverable D9.3},
year={2015},
month={Jun.},
}
@misc{D7.2,
title={Programming Models and Languages},
author={Ognjen Scekic and Hong-Linh Truong},
howpublished={SmartSociety FP7 Project Deliverable D7.2},
year={2015},
month={Jun.},
}

@misc{D2.3,
  title = {Computational models and validation},
  author = {Michael Rovatsos},
   howpublished={SmartSociety FP7 Project Deliverable D2.3},
year={2015},
month={Jun.},
}
@conference{scekic_soca2015,
title={{SmartSociety} -- A Platform for Collaborative People-Machine Computation},
author={Ognjen Scekic and Daniele Miorandi and Tommaso Schiavinotto and Dimitrios I. Diochnos and Alethia Hume and Ronald Chenu-Abente and Hong-Linh Truong and Michael Rovatsos and Iacopo Carreras and Schahram Dustdar and
Fausto Giunchiglia},
booktitle={Proc. of SOCA 2015},
address={Rome, IT},
year={2015},
}